@article{vaswani2017attention,
    title={Attention is all you need},
    author={Vaswani, Ashish and others},
    journal={Advances in neural information processing systems},
    volume={30},
    year={2017}
}

@inproceedings{devlin2018bert,
    title={BERT: Pre-training of Deep Bidirectional Transformers for Language Understanding},
    author={Devlin, Jacob and others},
    booktitle={NAACL HLT 2019},
    year={2018}
}

@article{lebret2016neural,
    title={Neural data-to-text generation},
    author={Lebret, RÃ©mi and others},
    journal={arXiv preprint arXiv:1603.00952},
    year={2016}
}